@book{Box, 
  author = "George E.P. Box",
  title = "Empirical Model Building and Response Surfaces", 
  publisher = "John Wiley and sons", 
  Place = "New York, NY", 
  year = "1987",
}

@book{Dougherty,
  author = "Christopher Dougherty",
  title = "Introduction to Econometrics",
  publisher = "OUP",
  year = "2001",
}

@book{Stock and Watson, 
  author = "James H Stock and Mark Watson", 
  title = "Introduction to Econometrics", 
  pubisher = "Pearson Addison Wesley", 
  year - "2007",
}

@book{Gujarati, 
  author = "Damodar Gujarati",
  title = "Basic Econometrics",
  publisher = "McGraw-Hill",
  year = "1995",
}